<?xml version="1.0" encoding="UTF-8"?><record xmlns="http://www.loc.gov/MARC21/slim" xmlns:cinclude="http://apache.org/cocoon/include/1.0" xmlns:zs="http://www.loc.gov/zing/srw/">
  <leader>01735cz  a2200337n  4500</leader>
  <controlfield tag="001">n  94065242 </controlfield>
  <controlfield tag="003">DLC</controlfield>
  <controlfield tag="005">19960423053742.5</controlfield>
  <controlfield tag="008">940708n| acannaab|          |a aaa ||| c</controlfield>
  <datafield tag="010" ind1=" " ind2=" ">
    <subfield code="a">n  94065242 </subfield>
  </datafield>
  <datafield tag="035" ind1=" " ind2=" ">
    <subfield code="a">(OCoLC)oca03644729 </subfield>
  </datafield>
  <datafield tag="040" ind1=" " ind2=" ">
    <subfield code="a">TxU-Mu</subfield>
    <subfield code="c">TxU-Mu</subfield>
    <subfield code="d">MoSW-Mu</subfield>
  </datafield>
  <datafield tag="100" ind1="1" ind2="0">
    <subfield code="a">Grieg, Edvard,</subfield>
    <subfield code="d">1843-1907.</subfield>
    <subfield code="t">Digte af Holger Drachmann</subfield>
  </datafield>
  <datafield tag="400" ind1="1" ind2="0">
    <subfield code="a">Grieg, Edvard,</subfield>
    <subfield code="d">1843-1907.</subfield>
    <subfield code="t">Seks digte af Holger Drachmann</subfield>
  </datafield>
  <datafield tag="400" ind1="1" ind2="0">
    <subfield code="a">Grieg, Edvard,</subfield>
    <subfield code="d">1843-1907.</subfield>
    <subfield code="t">6 digte af Holger Drachmann</subfield>
  </datafield>
  <datafield tag="400" ind1="1" ind2="0">
    <subfield code="a">Grieg, Edvard,</subfield>
    <subfield code="d">1843-1907.</subfield>
    <subfield code="t">Six songs by Holger Drachmann</subfield>
  </datafield>
  <datafield tag="400" ind1="1" ind2="0">
    <subfield code="a">Grieg, Edvard,</subfield>
    <subfield code="d">1843-1907.</subfield>
    <subfield code="t">6 songs by Holger Drachmann</subfield>
  </datafield>
  <datafield tag="400" ind1="1" ind2="0">
    <subfield code="a">Grieg, Edvard,</subfield>
    <subfield code="d">1843-1907.</subfield>
    <subfield code="t">Songs by Holger Drachmann</subfield>
  </datafield>
  <datafield tag="400" ind1="1" ind2="0">
    <subfield code="a">Grieg, Edvard,</subfield>
    <subfield code="d">1843-1907.</subfield>
    <subfield code="t">Sechs Lieder von Holger Drachmann</subfield>
  </datafield>
  <datafield tag="400" ind1="1" ind2="0">
    <subfield code="a">Grieg, Edvard,</subfield>
    <subfield code="d">1843-1907.</subfield>
    <subfield code="t">6 Lieder von Holger Drachmann</subfield>
  </datafield>
  <datafield tag="400" ind1="1" ind2="0">
    <subfield code="a">Grieg, Edvard,</subfield>
    <subfield code="d">1843-1907.</subfield>
    <subfield code="t">Lieder von Holger Drachmann</subfield>
  </datafield>
  <datafield tag="400" ind1="1" ind2="0">
    <subfield code="a">Grieg, Edvard,</subfield>
    <subfield code="d">1843-1907.</subfield>
    <subfield code="t">Digte,</subfield>
    <subfield code="n">op. 49</subfield>
  </datafield>
  <datafield tag="400" ind1="1" ind2="0">
    <subfield code="a">Grieg, Edvard,</subfield>
    <subfield code="d">1843-1907.</subfield>
    <subfield code="t">Songs,</subfield>
    <subfield code="n">op. 49</subfield>
  </datafield>
  <datafield tag="400" ind1="1" ind2="0">
    <subfield code="a">Grieg, Edvard,</subfield>
    <subfield code="d">1843-1907.</subfield>
    <subfield code="t">Lieder,</subfield>
    <subfield code="n">op. 49</subfield>
  </datafield>
  <datafield tag="400" ind1="1" ind2="0">
    <subfield code="a">Grieg, Edvard,</subfield>
    <subfield code="d">1843-1907.</subfield>
    <subfield code="t">Gedichte,</subfield>
    <subfield code="n">op. 49</subfield>
  </datafield>
  <datafield tag="400" ind1="1" ind2="0">
    <subfield code="a">Grieg, Edvard,</subfield>
    <subfield code="d">1843-1907.</subfield>
    <subfield code="t">Gedichte von Holger Drachmann</subfield>
  </datafield>
  <datafield tag="400" ind1="1" ind2="0">
    <subfield code="a">Grieg, Edvard,</subfield>
    <subfield code="d">1843-1907.</subfield>
    <subfield code="t">Sechs Gedichte von Holger Drachmann</subfield>
  </datafield>
  <datafield tag="400" ind1="1" ind2="0">
    <subfield code="a">Grieg, Edvard,</subfield>
    <subfield code="d">1843-1907.</subfield>
    <subfield code="t">6 Gedichte von Holger Drachmann</subfield>
  </datafield>
  <datafield tag="670" ind1=" " ind2=" ">
    <subfield code="a">Grieg, E. Complete songs, vol. I [SR] p1992:</subfield>
    <subfield code="b">insert (Seks digte af Holger Drachmann = Six songs by Holger Drachmann = Sechs Lieder von Holger Drachmann : op. 49)</subfield>
  </datafield>
  <datafield tag="670" ind1=" " ind2=" ">
    <subfield code="a">New Grove</subfield>
    <subfield code="b">(op. 49: Sechs Gedichte (Drachmann), 1889)</subfield>
  </datafield>
  <datafield tag="670" ind1=" " ind2=" ">
    <subfield code="a">MGG</subfield>
    <subfield code="b">(Seks digte af H. Drachmann (Sechs Lieder) f. 1. Singst. m. Kl., op. 49, 1885-1889)</subfield>
  </datafield>
</record>